%YAML 1.1
%TAG !u! tag:unity3d.com,2011:
--- !u!1 &4350137719056672935
GameObject:
  m_ObjectHideFlags: 0
  m_CorrespondingSourceObject: {fileID: 0}
  m_PrefabInstance: {fileID: 0}
  m_PrefabAsset: {fileID: 0}
  serializedVersion: 6
  m_Component:
  - component: {fileID: 8507642194422127099}
  - component: {fileID: 5830682646285387731}
  - component: {fileID: 446580220296624996}
  m_Layer: 1
  m_Name: Road Mesh Holder
  m_TagString: Untagged
  m_Icon: {fileID: 0}
  m_NavMeshLayer: 0
  m_StaticEditorFlags: 0
  m_IsActive: 1
--- !u!4 &8507642194422127099
Transform:
  m_ObjectHideFlags: 0
  m_CorrespondingSourceObject: {fileID: 0}
  m_PrefabInstance: {fileID: 0}
  m_PrefabAsset: {fileID: 0}
  m_GameObject: {fileID: 4350137719056672935}
  m_LocalRotation: {x: 0.000000010536713, y: 0.7071068, z: 0.00000002008277, w: 0.7071068}
  m_LocalPosition: {x: -19.947773, y: -6.64, z: -9.713587}
  m_LocalScale: {x: 1, y: 1, z: 1}
  m_ConstrainProportionsScale: 0
  m_Children: []
  m_Father: {fileID: 5973269334723275351}
  m_RootOrder: -1
  m_LocalEulerAnglesHint: {x: 0, y: 0, z: 0}
--- !u!33 &5830682646285387731
MeshFilter:
  m_ObjectHideFlags: 0
  m_CorrespondingSourceObject: {fileID: 0}
  m_PrefabInstance: {fileID: 0}
  m_PrefabAsset: {fileID: 0}
  m_GameObject: {fileID: 4350137719056672935}
  m_Mesh: {fileID: 0}
--- !u!23 &446580220296624996
MeshRenderer:
  m_ObjectHideFlags: 0
  m_CorrespondingSourceObject: {fileID: 0}
  m_PrefabInstance: {fileID: 0}
  m_PrefabAsset: {fileID: 0}
  m_GameObject: {fileID: 4350137719056672935}
  m_Enabled: 1
  m_CastShadows: 1
  m_ReceiveShadows: 1
  m_DynamicOccludee: 1
  m_StaticShadowCaster: 0
  m_MotionVectors: 1
  m_LightProbeUsage: 1
  m_ReflectionProbeUsage: 1
  m_RayTracingMode: 2
  m_RayTraceProcedural: 0
  m_RenderingLayerMask: 1
  m_RendererPriority: 0
  m_Materials:
  - {fileID: 2100000, guid: 9641235ff9c1c3d42829d607f9c05923, type: 2}
  - {fileID: 2100000, guid: 9641235ff9c1c3d42829d607f9c05923, type: 2}
  - {fileID: 2100000, guid: 9641235ff9c1c3d42829d607f9c05923, type: 2}
  m_StaticBatchInfo:
    firstSubMesh: 0
    subMeshCount: 0
  m_StaticBatchRoot: {fileID: 0}
  m_ProbeAnchor: {fileID: 0}
  m_LightProbeVolumeOverride: {fileID: 0}
  m_ScaleInLightmap: 1
  m_ReceiveGI: 1
  m_PreserveUVs: 0
  m_IgnoreNormalsForChartDetection: 0
  m_ImportantGI: 0
  m_StitchLightmapSeams: 1
  m_SelectedEditorRenderState: 3
  m_MinimumChartSize: 4
  m_AutoUVMaxDistance: 0.5
  m_AutoUVMaxAngle: 89
  m_LightmapParameters: {fileID: 0}
  m_SortingLayerID: 0
  m_SortingLayer: 0
  m_SortingOrder: 0
  m_AdditionalVertexStreams: {fileID: 0}
--- !u!1001 &5974925534120862265
PrefabInstance:
  m_ObjectHideFlags: 0
  serializedVersion: 2
  m_Modification:
    serializedVersion: 3
    m_TransformParent: {fileID: 0}
    m_Modifications:
    - target: {fileID: 1801384024788032, guid: 2791553a612d84e7c9f3c0a95308376f, type: 3}
      propertyPath: m_Name
      value: Path4 Variant
      objectReference: {fileID: 0}
    - target: {fileID: 1801384024788032, guid: 2791553a612d84e7c9f3c0a95308376f, type: 3}
      propertyPath: m_Layer
      value: 1
      objectReference: {fileID: 0}
    - target: {fileID: 1801384024788032, guid: 2791553a612d84e7c9f3c0a95308376f, type: 3}
      propertyPath: m_IsActive
      value: 1
      objectReference: {fileID: 0}
    - target: {fileID: 4050403524429934, guid: 2791553a612d84e7c9f3c0a95308376f, type: 3}
      propertyPath: m_RootOrder
      value: 0
      objectReference: {fileID: 0}
    - target: {fileID: 4050403524429934, guid: 2791553a612d84e7c9f3c0a95308376f, type: 3}
      propertyPath: m_LocalScale.x
      value: 1
      objectReference: {fileID: 0}
    - target: {fileID: 4050403524429934, guid: 2791553a612d84e7c9f3c0a95308376f, type: 3}
      propertyPath: m_LocalScale.y
      value: 1
      objectReference: {fileID: 0}
    - target: {fileID: 4050403524429934, guid: 2791553a612d84e7c9f3c0a95308376f, type: 3}
      propertyPath: m_LocalScale.z
      value: 1
      objectReference: {fileID: 0}
    - target: {fileID: 4050403524429934, guid: 2791553a612d84e7c9f3c0a95308376f, type: 3}
      propertyPath: m_LocalPosition.x
      value: -9.713587
      objectReference: {fileID: 0}
    - target: {fileID: 4050403524429934, guid: 2791553a612d84e7c9f3c0a95308376f, type: 3}
      propertyPath: m_LocalPosition.y
      value: 6.64
      objectReference: {fileID: 0}
    - target: {fileID: 4050403524429934, guid: 2791553a612d84e7c9f3c0a95308376f, type: 3}
      propertyPath: m_LocalPosition.z
      value: 19.94777
      objectReference: {fileID: 0}
    - target: {fileID: 4050403524429934, guid: 2791553a612d84e7c9f3c0a95308376f, type: 3}
      propertyPath: m_LocalRotation.w
      value: 0.7071068
      objectReference: {fileID: 0}
    - target: {fileID: 4050403524429934, guid: 2791553a612d84e7c9f3c0a95308376f, type: 3}
      propertyPath: m_LocalRotation.x
      value: -0.000000010536713
      objectReference: {fileID: 0}
    - target: {fileID: 4050403524429934, guid: 2791553a612d84e7c9f3c0a95308376f, type: 3}
      propertyPath: m_LocalRotation.y
      value: -0.7071068
      objectReference: {fileID: 0}
    - target: {fileID: 4050403524429934, guid: 2791553a612d84e7c9f3c0a95308376f, type: 3}
      propertyPath: m_LocalRotation.z
      value: -0.00000002008277
      objectReference: {fileID: 0}
    - target: {fileID: 4050403524429934, guid: 2791553a612d84e7c9f3c0a95308376f, type: 3}
      propertyPath: m_LocalEulerAnglesHint.x
      value: 0
      objectReference: {fileID: 0}
    - target: {fileID: 4050403524429934, guid: 2791553a612d84e7c9f3c0a95308376f, type: 3}
      propertyPath: m_LocalEulerAnglesHint.y
      value: -90
      objectReference: {fileID: 0}
    - target: {fileID: 4050403524429934, guid: 2791553a612d84e7c9f3c0a95308376f, type: 3}
      propertyPath: m_LocalEulerAnglesHint.z
      value: 0
      objectReference: {fileID: 0}
    - target: {fileID: 4050403524429934, guid: 2791553a612d84e7c9f3c0a95308376f, type: 3}
      propertyPath: m_ConstrainProportionsScale
      value: 1
      objectReference: {fileID: 0}
    - target: {fileID: 114462757500385858, guid: 2791553a612d84e7c9f3c0a95308376f, type: 3}
      propertyPath: editorData.tabIndex
      value: 0
      objectReference: {fileID: 0}
    - target: {fileID: 114462757500385858, guid: 2791553a612d84e7c9f3c0a95308376f, type: 3}
      propertyPath: editorData.showNormals
      value: 0
      objectReference: {fileID: 0}
    - target: {fileID: 114462757500385858, guid: 2791553a612d84e7c9f3c0a95308376f, type: 3}
      propertyPath: editorData.showPathOptions
      value: 0
      objectReference: {fileID: 0}
    - target: {fileID: 114462757500385858, guid: 2791553a612d84e7c9f3c0a95308376f, type: 3}
      propertyPath: editorData.bezierHandleScale
      value: 0.2
      objectReference: {fileID: 0}
    - target: {fileID: 114462757500385858, guid: 2791553a612d84e7c9f3c0a95308376f, type: 3}
      propertyPath: editorData.showDisplayOptions
      value: 0
      objectReference: {fileID: 0}
    - target: {fileID: 114462757500385858, guid: 2791553a612d84e7c9f3c0a95308376f, type: 3}
      propertyPath: editorData.vertexPathUpToDate
      value: 1
      objectReference: {fileID: 0}
    - target: {fileID: 114462757500385858, guid: 2791553a612d84e7c9f3c0a95308376f, type: 3}
      propertyPath: editorData._bezierPath.isClosed
      value: 0
      objectReference: {fileID: 0}
    - target: {fileID: 114462757500385858, guid: 2791553a612d84e7c9f3c0a95308376f, type: 3}
      propertyPath: editorData.showVertexPathOptions
      value: 0
      objectReference: {fileID: 0}
    - target: {fileID: 114462757500385858, guid: 2791553a612d84e7c9f3c0a95308376f, type: 3}
      propertyPath: editorData._bezierPath.controlMode
      value: 0
      objectReference: {fileID: 0}
    - target: {fileID: 114462757500385858, guid: 2791553a612d84e7c9f3c0a95308376f, type: 3}
      propertyPath: editorData.showNormalsInVertexMode
      value: 1
      objectReference: {fileID: 0}
    - target: {fileID: 114462757500385858, guid: 2791553a612d84e7c9f3c0a95308376f, type: 3}
      propertyPath: editorData.globalDisplaySettingsFoldout
      value: 0
      objectReference: {fileID: 0}
    - target: {fileID: 114462757500385858, guid: 2791553a612d84e7c9f3c0a95308376f, type: 3}
      propertyPath: editorData._bezierPath.bounds.m_Center.x
      value: 0
      objectReference: {fileID: 0}
    - target: {fileID: 114462757500385858, guid: 2791553a612d84e7c9f3c0a95308376f, type: 3}
      propertyPath: editorData._bezierPath.bounds.m_Center.y
      value: 0
      objectReference: {fileID: 0}
    - target: {fileID: 114462757500385858, guid: 2791553a612d84e7c9f3c0a95308376f, type: 3}
      propertyPath: editorData._bezierPath.bounds.m_Center.z
      value: 0
      objectReference: {fileID: 0}
    - target: {fileID: 114462757500385858, guid: 2791553a612d84e7c9f3c0a95308376f, type: 3}
      propertyPath: editorData._bezierPath.bounds.m_Extent.x
      value: 0
      objectReference: {fileID: 0}
    - target: {fileID: 114462757500385858, guid: 2791553a612d84e7c9f3c0a95308376f, type: 3}
      propertyPath: editorData._bezierPath.bounds.m_Extent.y
      value: 0
      objectReference: {fileID: 0}
    - target: {fileID: 114462757500385858, guid: 2791553a612d84e7c9f3c0a95308376f, type: 3}
      propertyPath: editorData._bezierPath.bounds.m_Extent.z
      value: 0
      objectReference: {fileID: 0}
    - target: {fileID: 114462757500385858, guid: 2791553a612d84e7c9f3c0a95308376f, type: 3}
      propertyPath: editorData._bezierPath.points.Array.size
      value: 25
      objectReference: {fileID: 0}
    - target: {fileID: 114462757500385858, guid: 2791553a612d84e7c9f3c0a95308376f, type: 3}
      propertyPath: editorData._bezierPath.globalNormalsAngle
      value: 0
      objectReference: {fileID: 0}
    - target: {fileID: 114462757500385858, guid: 2791553a612d84e7c9f3c0a95308376f, type: 3}
      propertyPath: editorData._bezierPath.points.Array.data[0].x
      value: -0.14835739
      objectReference: {fileID: 0}
    - target: {fileID: 114462757500385858, guid: 2791553a612d84e7c9f3c0a95308376f, type: 3}
      propertyPath: editorData._bezierPath.points.Array.data[0].y
      value: 1.3683425
      objectReference: {fileID: 0}
    - target: {fileID: 114462757500385858, guid: 2791553a612d84e7c9f3c0a95308376f, type: 3}
      propertyPath: editorData._bezierPath.points.Array.data[0].z
      value: -0.068909556
      objectReference: {fileID: 0}
    - target: {fileID: 114462757500385858, guid: 2791553a612d84e7c9f3c0a95308376f, type: 3}
      propertyPath: editorData._bezierPath.points.Array.data[1].x
      value: -0.04903356
      objectReference: {fileID: 0}
    - target: {fileID: 114462757500385858, guid: 2791553a612d84e7c9f3c0a95308376f, type: 3}
      propertyPath: editorData._bezierPath.points.Array.data[1].y
      value: 1.4180044
      objectReference: {fileID: 0}
    - target: {fileID: 114462757500385858, guid: 2791553a612d84e7c9f3c0a95308376f, type: 3}
      propertyPath: editorData._bezierPath.points.Array.data[1].z
      value: -0.068909556
      objectReference: {fileID: 0}
    - target: {fileID: 114462757500385858, guid: 2791553a612d84e7c9f3c0a95308376f, type: 3}
      propertyPath: editorData._bezierPath.points.Array.data[2].x
      value: 0.07173085
      objectReference: {fileID: 0}
    - target: {fileID: 114462757500385858, guid: 2791553a612d84e7c9f3c0a95308376f, type: 3}
      propertyPath: editorData._bezierPath.points.Array.data[2].y
      value: 2.1563418
      objectReference: {fileID: 0}
    - target: {fileID: 114462757500385858, guid: 2791553a612d84e7c9f3c0a95308376f, type: 3}
      propertyPath: editorData._bezierPath.points.Array.data[2].z
      value: -0.08920679
      objectReference: {fileID: 0}
    - target: {fileID: 114462757500385858, guid: 2791553a612d84e7c9f3c0a95308376f, type: 3}
      propertyPath: editorData._bezierPath.points.Array.data[3].x
      value: -0.19973376
      objectReference: {fileID: 0}
    - target: {fileID: 114462757500385858, guid: 2791553a612d84e7c9f3c0a95308376f, type: 3}
      propertyPath: editorData._bezierPath.points.Array.data[3].y
      value: 2.1277647
      objectReference: {fileID: 0}
    - target: {fileID: 114462757500385858, guid: 2791553a612d84e7c9f3c0a95308376f, type: 3}
      propertyPath: editorData._bezierPath.points.Array.data[3].z
      value: -0.10317502
      objectReference: {fileID: 0}
    - target: {fileID: 114462757500385858, guid: 2791553a612d84e7c9f3c0a95308376f, type: 3}
      propertyPath: editorData._bezierPath.points.Array.data[4].x
      value: -0.5110762
      objectReference: {fileID: 0}
    - target: {fileID: 114462757500385858, guid: 2791553a612d84e7c9f3c0a95308376f, type: 3}
      propertyPath: editorData._bezierPath.points.Array.data[4].y
      value: 2.0949895
      objectReference: {fileID: 0}
    - target: {fileID: 114462757500385858, guid: 2791553a612d84e7c9f3c0a95308376f, type: 3}
      propertyPath: editorData._bezierPath.points.Array.data[4].z
      value: -0.11919517
      objectReference: {fileID: 0}
    - target: {fileID: 114462757500385858, guid: 2791553a612d84e7c9f3c0a95308376f, type: 3}
      propertyPath: editorData._bezierPath.points.Array.data[5].x
      value: -0.9010086
      objectReference: {fileID: 0}
    - target: {fileID: 114462757500385858, guid: 2791553a612d84e7c9f3c0a95308376f, type: 3}
      propertyPath: editorData._bezierPath.points.Array.data[5].y
      value: 2.2235014
      objectReference: {fileID: 0}
    - target: {fileID: 114462757500385858, guid: 2791553a612d84e7c9f3c0a95308376f, type: 3}
      propertyPath: editorData._bezierPath.points.Array.data[5].z
      value: 0.00009393599
      objectReference: {fileID: 0}
    - target: {fileID: 114462757500385858, guid: 2791553a612d84e7c9f3c0a95308376f, type: 3}
      propertyPath: editorData._bezierPath.points.Array.data[6].x
      value: -0.928522
      objectReference: {fileID: 0}
    - target: {fileID: 114462757500385858, guid: 2791553a612d84e7c9f3c0a95308376f, type: 3}
      propertyPath: editorData._bezierPath.points.Array.data[6].y
      value: 2.0672808
      objectReference: {fileID: 0}
    - target: {fileID: 114462757500385858, guid: 2791553a612d84e7c9f3c0a95308376f, type: 3}
      propertyPath: editorData._bezierPath.points.Array.data[6].z
      value: 0.022457356
      objectReference: {fileID: 0}
    - target: {fileID: 114462757500385858, guid: 2791553a612d84e7c9f3c0a95308376f, type: 3}
      propertyPath: editorData._bezierPath.points.Array.data[7].x
      value: -0.9729322
      objectReference: {fileID: 0}
    - target: {fileID: 114462757500385858, guid: 2791553a612d84e7c9f3c0a95308376f, type: 3}
      propertyPath: editorData._bezierPath.points.Array.data[7].y
      value: 1.8151197
      objectReference: {fileID: 0}
    - target: {fileID: 114462757500385858, guid: 2791553a612d84e7c9f3c0a95308376f, type: 3}
      propertyPath: editorData._bezierPath.points.Array.data[7].z
      value: 0.058554903
      objectReference: {fileID: 0}
    - target: {fileID: 114462757500385858, guid: 2791553a612d84e7c9f3c0a95308376f, type: 3}
      propertyPath: editorData._bezierPath.points.Array.data[8].x
      value: -1.0709387
      objectReference: {fileID: 0}
    - target: {fileID: 114462757500385858, guid: 2791553a612d84e7c9f3c0a95308376f, type: 3}
      propertyPath: editorData._bezierPath.points.Array.data[8].y
      value: 1.4021059
      objectReference: {fileID: 0}
    - target: {fileID: 114462757500385858, guid: 2791553a612d84e7c9f3c0a95308376f, type: 3}
      propertyPath: editorData._bezierPath.points.Array.data[8].z
      value: -0.03745205
      objectReference: {fileID: 0}
    - target: {fileID: 114462757500385858, guid: 2791553a612d84e7c9f3c0a95308376f, type: 3}
      propertyPath: editorData._bezierPath.points.Array.data[9].x
      value: -1.0253485
      objectReference: {fileID: 0}
    - target: {fileID: 114462757500385858, guid: 2791553a612d84e7c9f3c0a95308376f, type: 3}
      propertyPath: editorData._bezierPath.points.Array.data[9].y
      value: 1.3692771
      objectReference: {fileID: 0}
    - target: {fileID: 114462757500385858, guid: 2791553a612d84e7c9f3c0a95308376f, type: 3}
      propertyPath: editorData._bezierPath.points.Array.data[9].z
      value: -0.037468784
      objectReference: {fileID: 0}
    - target: {fileID: 114462757500385858, guid: 2791553a612d84e7c9f3c0a95308376f, type: 3}
      propertyPath: editorData._bezierPath.points.Array.data[10].x
      value: -0.91892385
      objectReference: {fileID: 0}
    - target: {fileID: 114462757500385858, guid: 2791553a612d84e7c9f3c0a95308376f, type: 3}
      propertyPath: editorData._bezierPath.points.Array.data[10].y
      value: 1.2926422
      objectReference: {fileID: 0}
    - target: {fileID: 114462757500385858, guid: 2791553a612d84e7c9f3c0a95308376f, type: 3}
      propertyPath: editorData._bezierPath.points.Array.data[10].z
      value: -0.037507847
      objectReference: {fileID: 0}
    - target: {fileID: 114462757500385858, guid: 2791553a612d84e7c9f3c0a95308376f, type: 3}
      propertyPath: editorData._bezierPath.points.Array.data[11].x
      value: -0.6456039
      objectReference: {fileID: 0}
    - target: {fileID: 114462757500385858, guid: 2791553a612d84e7c9f3c0a95308376f, type: 3}
      propertyPath: editorData._bezierPath.points.Array.data[11].y
      value: 1.4428685
      objectReference: {fileID: 0}
    - target: {fileID: 114462757500385858, guid: 2791553a612d84e7c9f3c0a95308376f, type: 3}
      propertyPath: editorData._bezierPath.points.Array.data[11].z
      value: 0.024949294
      objectReference: {fileID: 0}
    - target: {fileID: 114462757500385858, guid: 2791553a612d84e7c9f3c0a95308376f, type: 3}
      propertyPath: editorData._bezierPath.points.Array.data[12].x
      value: -0.3148727
      objectReference: {fileID: 0}
    - target: {fileID: 114462757500385858, guid: 2791553a612d84e7c9f3c0a95308376f, type: 3}
      propertyPath: editorData._bezierPath.points.Array.data[12].y
      value: 1.4180566
      objectReference: {fileID: 0}
    - target: {fileID: 114462757500385858, guid: 2791553a612d84e7c9f3c0a95308376f, type: 3}
      propertyPath: editorData._bezierPath.points.Array.data[12].z
      value: 0.013523188
      objectReference: {fileID: 0}
    - target: {fileID: 114462757500385858, guid: 2791553a612d84e7c9f3c0a95308376f, type: 3}
      propertyPath: editorData._bezierPath.points.Array.data[13].x
      value: -0.24055962
      objectReference: {fileID: 0}
    - target: {fileID: 114462757500385858, guid: 2791553a612d84e7c9f3c0a95308376f, type: 3}
      propertyPath: editorData._bezierPath.points.Array.data[13].y
      value: 1.4124815
      objectReference: {fileID: 0}
    - target: {fileID: 114462757500385858, guid: 2791553a612d84e7c9f3c0a95308376f, type: 3}
      propertyPath: editorData._bezierPath.points.Array.data[13].z
      value: 0.010955819
      objectReference: {fileID: 0}
    - target: {fileID: 114462757500385858, guid: 2791553a612d84e7c9f3c0a95308376f, type: 3}
      propertyPath: editorData._bezierPath.points.Array.data[14].x
      value: -0.15759844
      objectReference: {fileID: 0}
    - target: {fileID: 114462757500385858, guid: 2791553a612d84e7c9f3c0a95308376f, type: 3}
      propertyPath: editorData._bezierPath.points.Array.data[14].y
      value: 1.317318
      objectReference: {fileID: 0}
    - target: {fileID: 114462757500385858, guid: 2791553a612d84e7c9f3c0a95308376f, type: 3}
      propertyPath: editorData._bezierPath.points.Array.data[14].z
      value: -0.08887178
      objectReference: {fileID: 0}
    - target: {fileID: 114462757500385858, guid: 2791553a612d84e7c9f3c0a95308376f, type: 3}
      propertyPath: editorData._bezierPath.points.Array.data[15].x
      value: -0.092048675
      objectReference: {fileID: 0}
    - target: {fileID: 114462757500385858, guid: 2791553a612d84e7c9f3c0a95308376f, type: 3}
      propertyPath: editorData._bezierPath.points.Array.data[15].y
      value: 1.2133934
      objectReference: {fileID: 0}
    - target: {fileID: 114462757500385858, guid: 2791553a612d84e7c9f3c0a95308376f, type: 3}
      propertyPath: editorData._bezierPath.points.Array.data[15].z
      value: -0.1883611
      objectReference: {fileID: 0}
    - target: {fileID: 114462757500385858, guid: 2791553a612d84e7c9f3c0a95308376f, type: 3}
      propertyPath: editorData._bezierPath.points.Array.data[16].x
      value: -0.047648944
      objectReference: {fileID: 0}
    - target: {fileID: 114462757500385858, guid: 2791553a612d84e7c9f3c0a95308376f, type: 3}
      propertyPath: editorData._bezierPath.points.Array.data[16].y
      value: 1.1430008
      objectReference: {fileID: 0}
    - target: {fileID: 114462757500385858, guid: 2791553a612d84e7c9f3c0a95308376f, type: 3}
      propertyPath: editorData._bezierPath.points.Array.data[16].z
      value: -0.25574958
      objectReference: {fileID: 0}
    - target: {fileID: 114462757500385858, guid: 2791553a612d84e7c9f3c0a95308376f, type: 3}
      propertyPath: editorData._bezierPath.points.Array.data[17].x
      value: -0.6699748
      objectReference: {fileID: 0}
    - target: {fileID: 114462757500385858, guid: 2791553a612d84e7c9f3c0a95308376f, type: 3}
      propertyPath: editorData._bezierPath.points.Array.data[17].y
      value: 1.0524098
      objectReference: {fileID: 0}
    - target: {fileID: 114462757500385858, guid: 2791553a612d84e7c9f3c0a95308376f, type: 3}
      propertyPath: editorData._bezierPath.points.Array.data[17].z
      value: -0.22950815
      objectReference: {fileID: 0}
    - target: {fileID: 114462757500385858, guid: 2791553a612d84e7c9f3c0a95308376f, type: 3}
      propertyPath: editorData._bezierPath.points.Array.data[18].x
      value: -0.87816036
      objectReference: {fileID: 0}
    - target: {fileID: 114462757500385858, guid: 2791553a612d84e7c9f3c0a95308376f, type: 3}
      propertyPath: editorData._bezierPath.points.Array.data[18].y
      value: 1.0394256
      objectReference: {fileID: 0}
    - target: {fileID: 114462757500385858, guid: 2791553a612d84e7c9f3c0a95308376f, type: 3}
      propertyPath: editorData._bezierPath.points.Array.data[18].z
      value: -0.2379005
      objectReference: {fileID: 0}
    - target: {fileID: 114462757500385858, guid: 2791553a612d84e7c9f3c0a95308376f, type: 3}
      propertyPath: editorData._bezierPath.points.Array.data[19].x
      value: -0.97984546
      objectReference: {fileID: 0}
    - target: {fileID: 114462757500385858, guid: 2791553a612d84e7c9f3c0a95308376f, type: 3}
      propertyPath: editorData._bezierPath.points.Array.data[19].y
      value: 1.0330837
      objectReference: {fileID: 0}
    - target: {fileID: 114462757500385858, guid: 2791553a612d84e7c9f3c0a95308376f, type: 3}
      propertyPath: editorData._bezierPath.points.Array.data[19].z
      value: -0.24199961
      objectReference: {fileID: 0}
    - target: {fileID: 114462757500385858, guid: 2791553a612d84e7c9f3c0a95308376f, type: 3}
      propertyPath: editorData._bezierPath.points.Array.data[20].x
      value: -0.92426026
      objectReference: {fileID: 0}
    - target: {fileID: 114462757500385858, guid: 2791553a612d84e7c9f3c0a95308376f, type: 3}
      propertyPath: editorData._bezierPath.points.Array.data[20].y
      value: 1.9975553
      objectReference: {fileID: 0}
    - target: {fileID: 114462757500385858, guid: 2791553a612d84e7c9f3c0a95308376f, type: 3}
      propertyPath: editorData._bezierPath.points.Array.data[20].z
      value: -0.43729526
      objectReference: {fileID: 0}
    - target: {fileID: 114462757500385858, guid: 2791553a612d84e7c9f3c0a95308376f, type: 3}
      propertyPath: editorData._bezierPath.points.Array.data[21].x
      value: -0.65482706
      objectReference: {fileID: 0}
    - target: {fileID: 114462757500385858, guid: 2791553a612d84e7c9f3c0a95308376f, type: 3}
      propertyPath: editorData._bezierPath.points.Array.data[21].y
      value: 1.983901
      objectReference: {fileID: 0}
    - target: {fileID: 114462757500385858, guid: 2791553a612d84e7c9f3c0a95308376f, type: 3}
      propertyPath: editorData._bezierPath.points.Array.data[21].z
      value: -0.3330181
      objectReference: {fileID: 0}
    - target: {fileID: 114462757500385858, guid: 2791553a612d84e7c9f3c0a95308376f, type: 3}
      propertyPath: editorData._bezierPath.points.Array.data[22].x
      value: 0.20563123
      objectReference: {fileID: 0}
    - target: {fileID: 114462757500385858, guid: 2791553a612d84e7c9f3c0a95308376f, type: 3}
      propertyPath: editorData._bezierPath.points.Array.data[22].y
      value: 1.9402952
      objectReference: {fileID: 0}
    - target: {fileID: 114462757500385858, guid: 2791553a612d84e7c9f3c0a95308376f, type: 3}
      propertyPath: editorData._bezierPath.points.Array.data[22].z
      value: 0.000000024414966
      objectReference: {fileID: 0}
    - target: {fileID: 114462757500385858, guid: 2791553a612d84e7c9f3c0a95308376f, type: 3}
      propertyPath: editorData._bezierPath.points.Array.data[23].x
      value: 0.03531289
      objectReference: {fileID: 0}
    - target: {fileID: 114462757500385858, guid: 2791553a612d84e7c9f3c0a95308376f, type: 3}
      propertyPath: editorData._bezierPath.points.Array.data[23].y
      value: 1.9542844
      objectReference: {fileID: 0}
    - target: {fileID: 114462757500385858, guid: 2791553a612d84e7c9f3c0a95308376f, type: 3}
      propertyPath: editorData._bezierPath.points.Array.data[23].z
      value: -0.34126326
      objectReference: {fileID: 0}
    - target: {fileID: 114462757500385858, guid: 2791553a612d84e7c9f3c0a95308376f, type: 3}
      propertyPath: editorData._bezierPath.points.Array.data[24].x
      value: 0.03912347
      objectReference: {fileID: 0}
    - target: {fileID: 114462757500385858, guid: 2791553a612d84e7c9f3c0a95308376f, type: 3}
      propertyPath: editorData._bezierPath.points.Array.data[24].y
      value: 1.9729404
      objectReference: {fileID: 0}
    - target: {fileID: 114462757500385858, guid: 2791553a612d84e7c9f3c0a95308376f, type: 3}
      propertyPath: editorData._bezierPath.points.Array.data[24].z
      value: -0.34384522
      objectReference: {fileID: 0}
    - target: {fileID: 114462757500385858, guid: 2791553a612d84e7c9f3c0a95308376f, type: 3}
      propertyPath: editorData._bezierPath.perAnchorNormalsAngle.Array.size
      value: 9
      objectReference: {fileID: 0}
    m_RemovedComponents: []
    m_RemovedGameObjects: []
    m_AddedGameObjects:
    - targetCorrespondingSourceObject: {fileID: 4050403524429934, guid: 2791553a612d84e7c9f3c0a95308376f, type: 3}
      insertIndex: -1
      addedObject: {fileID: 8507642194422127099}
    m_AddedComponents:
    - targetCorrespondingSourceObject: {fileID: 1801384024788032, guid: 2791553a612d84e7c9f3c0a95308376f, type: 3}
      insertIndex: -1
      addedObject: {fileID: 5819037709388458037}
  m_SourcePrefab: {fileID: 100100000, guid: 2791553a612d84e7c9f3c0a95308376f, type: 3}
--- !u!4 &5973269334723275351 stripped
Transform:
  m_CorrespondingSourceObject: {fileID: 4050403524429934, guid: 2791553a612d84e7c9f3c0a95308376f, type: 3}
  m_PrefabInstance: {fileID: 5974925534120862265}
  m_PrefabAsset: {fileID: 0}
--- !u!1 &5975526033322520185 stripped
GameObject:
  m_CorrespondingSourceObject: {fileID: 1801384024788032, guid: 2791553a612d84e7c9f3c0a95308376f, type: 3}
  m_PrefabInstance: {fileID: 5974925534120862265}
  m_PrefabAsset: {fileID: 0}
--- !u!114 &5819037709388458037
MonoBehaviour:
  m_ObjectHideFlags: 0
  m_CorrespondingSourceObject: {fileID: 0}
  m_PrefabInstance: {fileID: 0}
  m_PrefabAsset: {fileID: 0}
  m_GameObject: {fileID: 5975526033322520185}
  m_Enabled: 1
  m_EditorHideFlags: 0
  m_Script: {fileID: 11500000, guid: b275c3b78f8717c4cbc60f74a3247f67, type: 3}
  m_Name: 
  m_EditorClassIdentifier: 
  pathCreator: {fileID: 6016127784600803451}
  autoUpdate: 1
  roadWidth: 0.05
  thickness: 0
  flattenSurface: 0
  roadMaterial: {fileID: 2100000, guid: 9641235ff9c1c3d42829d607f9c05923, type: 2}
  undersideMaterial: {fileID: 2100000, guid: 9641235ff9c1c3d42829d607f9c05923, type: 2}
  textureTiling: 1
  meshHolder: {fileID: 4350137719056672935}
--- !u!114 &6016127784600803451 stripped
MonoBehaviour:
  m_CorrespondingSourceObject: {fileID: 114462757500385858, guid: 2791553a612d84e7c9f3c0a95308376f, type: 3}
  m_PrefabInstance: {fileID: 5974925534120862265}
  m_PrefabAsset: {fileID: 0}
  m_GameObject: {fileID: 5975526033322520185}
  m_Enabled: 1
  m_EditorHideFlags: 0
  m_Script: {fileID: 11500000, guid: 8e5ac92bc18f545cc84cd886ece82b4d, type: 3}
  m_Name: 
  m_EditorClassIdentifier: 
