%YAML 1.1
%TAG !u! tag:unity3d.com,2011:
--- !u!1 &4532889020459800573
GameObject:
  m_ObjectHideFlags: 0
  m_CorrespondingSourceObject: {fileID: 0}
  m_PrefabInstance: {fileID: 0}
  m_PrefabAsset: {fileID: 0}
  serializedVersion: 6
  m_Component:
  - component: {fileID: 9079948964986971758}
  - component: {fileID: 2511758564099247362}
  - component: {fileID: 4857796386172160006}
  m_Layer: 1
  m_Name: Road Mesh Holder
  m_TagString: Untagged
  m_Icon: {fileID: 0}
  m_NavMeshLayer: 0
  m_StaticEditorFlags: 0
  m_IsActive: 1
--- !u!4 &9079948964986971758
Transform:
  m_ObjectHideFlags: 0
  m_CorrespondingSourceObject: {fileID: 0}
  m_PrefabInstance: {fileID: 0}
  m_PrefabAsset: {fileID: 0}
  m_GameObject: {fileID: 4532889020459800573}
  m_LocalRotation: {x: 0.000000010536713, y: 0.7071068, z: 0.00000002008277, w: 0.7071068}
  m_LocalPosition: {x: -19.947773, y: -7.3376036, z: -9.713587}
  m_LocalScale: {x: 1, y: 1, z: 1}
  m_ConstrainProportionsScale: 0
  m_Children: []
  m_Father: {fileID: 5579797643009135525}
  m_RootOrder: -1
  m_LocalEulerAnglesHint: {x: 0, y: 0, z: 0}
--- !u!33 &2511758564099247362
MeshFilter:
  m_ObjectHideFlags: 0
  m_CorrespondingSourceObject: {fileID: 0}
  m_PrefabInstance: {fileID: 0}
  m_PrefabAsset: {fileID: 0}
  m_GameObject: {fileID: 4532889020459800573}
  m_Mesh: {fileID: 0}
--- !u!23 &4857796386172160006
MeshRenderer:
  m_ObjectHideFlags: 0
  m_CorrespondingSourceObject: {fileID: 0}
  m_PrefabInstance: {fileID: 0}
  m_PrefabAsset: {fileID: 0}
  m_GameObject: {fileID: 4532889020459800573}
  m_Enabled: 1
  m_CastShadows: 1
  m_ReceiveShadows: 1
  m_DynamicOccludee: 1
  m_StaticShadowCaster: 0
  m_MotionVectors: 1
  m_LightProbeUsage: 1
  m_ReflectionProbeUsage: 1
  m_RayTracingMode: 2
  m_RayTraceProcedural: 0
  m_RenderingLayerMask: 1
  m_RendererPriority: 0
  m_Materials:
  - {fileID: 2100000, guid: 9641235ff9c1c3d42829d607f9c05923, type: 2}
  - {fileID: 2100000, guid: 9641235ff9c1c3d42829d607f9c05923, type: 2}
  - {fileID: 2100000, guid: 9641235ff9c1c3d42829d607f9c05923, type: 2}
  m_StaticBatchInfo:
    firstSubMesh: 0
    subMeshCount: 0
  m_StaticBatchRoot: {fileID: 0}
  m_ProbeAnchor: {fileID: 0}
  m_LightProbeVolumeOverride: {fileID: 0}
  m_ScaleInLightmap: 1
  m_ReceiveGI: 1
  m_PreserveUVs: 0
  m_IgnoreNormalsForChartDetection: 0
  m_ImportantGI: 0
  m_StitchLightmapSeams: 1
  m_SelectedEditorRenderState: 3
  m_MinimumChartSize: 4
  m_AutoUVMaxDistance: 0.5
  m_AutoUVMaxAngle: 89
  m_LightmapParameters: {fileID: 0}
  m_SortingLayerID: 0
  m_SortingLayer: 0
  m_SortingOrder: 0
  m_AdditionalVertexStreams: {fileID: 0}
--- !u!1001 &5575755090726902731
PrefabInstance:
  m_ObjectHideFlags: 0
  serializedVersion: 2
  m_Modification:
    serializedVersion: 3
    m_TransformParent: {fileID: 0}
    m_Modifications:
    - target: {fileID: 1801384024788032, guid: 2791553a612d84e7c9f3c0a95308376f, type: 3}
      propertyPath: m_Name
      value: Path1 Variant
      objectReference: {fileID: 0}
    - target: {fileID: 1801384024788032, guid: 2791553a612d84e7c9f3c0a95308376f, type: 3}
      propertyPath: m_Layer
      value: 1
      objectReference: {fileID: 0}
    - target: {fileID: 1801384024788032, guid: 2791553a612d84e7c9f3c0a95308376f, type: 3}
      propertyPath: m_IsActive
      value: 1
      objectReference: {fileID: 0}
    - target: {fileID: 4050403524429934, guid: 2791553a612d84e7c9f3c0a95308376f, type: 3}
      propertyPath: m_RootOrder
      value: 0
      objectReference: {fileID: 0}
    - target: {fileID: 4050403524429934, guid: 2791553a612d84e7c9f3c0a95308376f, type: 3}
      propertyPath: m_LocalScale.x
      value: 1
      objectReference: {fileID: 0}
    - target: {fileID: 4050403524429934, guid: 2791553a612d84e7c9f3c0a95308376f, type: 3}
      propertyPath: m_LocalScale.y
      value: 1
      objectReference: {fileID: 0}
    - target: {fileID: 4050403524429934, guid: 2791553a612d84e7c9f3c0a95308376f, type: 3}
      propertyPath: m_LocalScale.z
      value: 1
      objectReference: {fileID: 0}
    - target: {fileID: 4050403524429934, guid: 2791553a612d84e7c9f3c0a95308376f, type: 3}
      propertyPath: m_LocalPosition.x
      value: -9.713587
      objectReference: {fileID: 0}
    - target: {fileID: 4050403524429934, guid: 2791553a612d84e7c9f3c0a95308376f, type: 3}
      propertyPath: m_LocalPosition.y
      value: 7.3376036
      objectReference: {fileID: 0}
    - target: {fileID: 4050403524429934, guid: 2791553a612d84e7c9f3c0a95308376f, type: 3}
      propertyPath: m_LocalPosition.z
      value: 19.94777
      objectReference: {fileID: 0}
    - target: {fileID: 4050403524429934, guid: 2791553a612d84e7c9f3c0a95308376f, type: 3}
      propertyPath: m_LocalRotation.w
      value: 0.7071068
      objectReference: {fileID: 0}
    - target: {fileID: 4050403524429934, guid: 2791553a612d84e7c9f3c0a95308376f, type: 3}
      propertyPath: m_LocalRotation.x
      value: -0.000000010536713
      objectReference: {fileID: 0}
    - target: {fileID: 4050403524429934, guid: 2791553a612d84e7c9f3c0a95308376f, type: 3}
      propertyPath: m_LocalRotation.y
      value: -0.7071068
      objectReference: {fileID: 0}
    - target: {fileID: 4050403524429934, guid: 2791553a612d84e7c9f3c0a95308376f, type: 3}
      propertyPath: m_LocalRotation.z
      value: -0.00000002008277
      objectReference: {fileID: 0}
    - target: {fileID: 4050403524429934, guid: 2791553a612d84e7c9f3c0a95308376f, type: 3}
      propertyPath: m_LocalEulerAnglesHint.x
      value: 0
      objectReference: {fileID: 0}
    - target: {fileID: 4050403524429934, guid: 2791553a612d84e7c9f3c0a95308376f, type: 3}
      propertyPath: m_LocalEulerAnglesHint.y
      value: -90
      objectReference: {fileID: 0}
    - target: {fileID: 4050403524429934, guid: 2791553a612d84e7c9f3c0a95308376f, type: 3}
      propertyPath: m_LocalEulerAnglesHint.z
      value: 0
      objectReference: {fileID: 0}
    - target: {fileID: 4050403524429934, guid: 2791553a612d84e7c9f3c0a95308376f, type: 3}
      propertyPath: m_ConstrainProportionsScale
      value: 1
      objectReference: {fileID: 0}
    - target: {fileID: 114462757500385858, guid: 2791553a612d84e7c9f3c0a95308376f, type: 3}
      propertyPath: editorData.tabIndex
      value: 0
      objectReference: {fileID: 0}
    - target: {fileID: 114462757500385858, guid: 2791553a612d84e7c9f3c0a95308376f, type: 3}
      propertyPath: editorData.showNormals
      value: 0
      objectReference: {fileID: 0}
    - target: {fileID: 114462757500385858, guid: 2791553a612d84e7c9f3c0a95308376f, type: 3}
      propertyPath: editorData.showPathOptions
      value: 0
      objectReference: {fileID: 0}
    - target: {fileID: 114462757500385858, guid: 2791553a612d84e7c9f3c0a95308376f, type: 3}
      propertyPath: editorData.bezierHandleScale
      value: 0.5
      objectReference: {fileID: 0}
    - target: {fileID: 114462757500385858, guid: 2791553a612d84e7c9f3c0a95308376f, type: 3}
      propertyPath: editorData.showDisplayOptions
      value: 0
      objectReference: {fileID: 0}
    - target: {fileID: 114462757500385858, guid: 2791553a612d84e7c9f3c0a95308376f, type: 3}
      propertyPath: editorData.vertexPathUpToDate
      value: 1
      objectReference: {fileID: 0}
    - target: {fileID: 114462757500385858, guid: 2791553a612d84e7c9f3c0a95308376f, type: 3}
      propertyPath: editorData._bezierPath.isClosed
      value: 0
      objectReference: {fileID: 0}
    - target: {fileID: 114462757500385858, guid: 2791553a612d84e7c9f3c0a95308376f, type: 3}
      propertyPath: editorData.showVertexPathOptions
      value: 0
      objectReference: {fileID: 0}
    - target: {fileID: 114462757500385858, guid: 2791553a612d84e7c9f3c0a95308376f, type: 3}
      propertyPath: editorData.showNormalsInVertexMode
      value: 1
      objectReference: {fileID: 0}
    - target: {fileID: 114462757500385858, guid: 2791553a612d84e7c9f3c0a95308376f, type: 3}
      propertyPath: editorData.showVertexPathDisplayOptions
      value: 0
      objectReference: {fileID: 0}
    - target: {fileID: 114462757500385858, guid: 2791553a612d84e7c9f3c0a95308376f, type: 3}
      propertyPath: editorData._bezierPath.points.Array.size
      value: 13
      objectReference: {fileID: 0}
    - target: {fileID: 114462757500385858, guid: 2791553a612d84e7c9f3c0a95308376f, type: 3}
      propertyPath: editorData._bezierPath.points.Array.data[0].x
      value: -0.58863693
      objectReference: {fileID: 0}
    - target: {fileID: 114462757500385858, guid: 2791553a612d84e7c9f3c0a95308376f, type: 3}
      propertyPath: editorData._bezierPath.points.Array.data[0].y
      value: 0.77900296
      objectReference: {fileID: 0}
    - target: {fileID: 114462757500385858, guid: 2791553a612d84e7c9f3c0a95308376f, type: 3}
      propertyPath: editorData._bezierPath.points.Array.data[0].z
      value: -0.016705569
      objectReference: {fileID: 0}
    - target: {fileID: 114462757500385858, guid: 2791553a612d84e7c9f3c0a95308376f, type: 3}
      propertyPath: editorData._bezierPath.points.Array.data[1].x
      value: -0.5702389
      objectReference: {fileID: 0}
    - target: {fileID: 114462757500385858, guid: 2791553a612d84e7c9f3c0a95308376f, type: 3}
      propertyPath: editorData._bezierPath.points.Array.data[1].y
      value: 0.9566865
      objectReference: {fileID: 0}
    - target: {fileID: 114462757500385858, guid: 2791553a612d84e7c9f3c0a95308376f, type: 3}
      propertyPath: editorData._bezierPath.points.Array.data[1].z
      value: 0.0028418303
      objectReference: {fileID: 0}
    - target: {fileID: 114462757500385858, guid: 2791553a612d84e7c9f3c0a95308376f, type: 3}
      propertyPath: editorData._bezierPath.points.Array.data[2].x
      value: -0.51168835
      objectReference: {fileID: 0}
    - target: {fileID: 114462757500385858, guid: 2791553a612d84e7c9f3c0a95308376f, type: 3}
      propertyPath: editorData._bezierPath.points.Array.data[2].y
      value: 0.9986265
      objectReference: {fileID: 0}
    - target: {fileID: 114462757500385858, guid: 2791553a612d84e7c9f3c0a95308376f, type: 3}
      propertyPath: editorData._bezierPath.points.Array.data[2].z
      value: -0.0007920414
      objectReference: {fileID: 0}
    - target: {fileID: 114462757500385858, guid: 2791553a612d84e7c9f3c0a95308376f, type: 3}
      propertyPath: editorData._bezierPath.points.Array.data[3].x
      value: -0.35770315
      objectReference: {fileID: 0}
    - target: {fileID: 114462757500385858, guid: 2791553a612d84e7c9f3c0a95308376f, type: 3}
      propertyPath: editorData._bezierPath.points.Array.data[3].y
      value: 1.0055611
      objectReference: {fileID: 0}
    - target: {fileID: 114462757500385858, guid: 2791553a612d84e7c9f3c0a95308376f, type: 3}
      propertyPath: editorData._bezierPath.points.Array.data[3].z
      value: -0.070151344
      objectReference: {fileID: 0}
    - target: {fileID: 114462757500385858, guid: 2791553a612d84e7c9f3c0a95308376f, type: 3}
      propertyPath: editorData._bezierPath.points.Array.data[4].x
      value: -0.2037179
      objectReference: {fileID: 0}
    - target: {fileID: 114462757500385858, guid: 2791553a612d84e7c9f3c0a95308376f, type: 3}
      propertyPath: editorData._bezierPath.points.Array.data[4].y
      value: 1.0124958
      objectReference: {fileID: 0}
    - target: {fileID: 114462757500385858, guid: 2791553a612d84e7c9f3c0a95308376f, type: 3}
      propertyPath: editorData._bezierPath.points.Array.data[4].z
      value: 0.0007920414
      objectReference: {fileID: 0}
    - target: {fileID: 114462757500385858, guid: 2791553a612d84e7c9f3c0a95308376f, type: 3}
      propertyPath: editorData._bezierPath.points.Array.data[5].x
      value: -0.059171923
      objectReference: {fileID: 0}
    - target: {fileID: 114462757500385858, guid: 2791553a612d84e7c9f3c0a95308376f, type: 3}
      propertyPath: editorData._bezierPath.points.Array.data[5].y
      value: 1.0544848
      objectReference: {fileID: 0}
    - target: {fileID: 114462757500385858, guid: 2791553a612d84e7c9f3c0a95308376f, type: 3}
      propertyPath: editorData._bezierPath.points.Array.data[5].z
      value: 0.13137147
      objectReference: {fileID: 0}
    - target: {fileID: 114462757500385858, guid: 2791553a612d84e7c9f3c0a95308376f, type: 3}
      propertyPath: editorData._bezierPath.points.Array.data[6].x
      value: 0.008290294
      objectReference: {fileID: 0}
    - target: {fileID: 114462757500385858, guid: 2791553a612d84e7c9f3c0a95308376f, type: 3}
      propertyPath: editorData._bezierPath.points.Array.data[6].y
      value: 0.7412396
      objectReference: {fileID: 0}
    - target: {fileID: 114462757500385858, guid: 2791553a612d84e7c9f3c0a95308376f, type: 3}
      propertyPath: editorData._bezierPath.points.Array.data[6].z
      value: -0.04660546
      objectReference: {fileID: 0}
    - target: {fileID: 114462757500385858, guid: 2791553a612d84e7c9f3c0a95308376f, type: 3}
      propertyPath: editorData._bezierPath.points.Array.data[7].x
      value: 0.075752504
      objectReference: {fileID: 0}
    - target: {fileID: 114462757500385858, guid: 2791553a612d84e7c9f3c0a95308376f, type: 3}
      propertyPath: editorData._bezierPath.points.Array.data[7].y
      value: 0.42799437
      objectReference: {fileID: 0}
    - target: {fileID: 114462757500385858, guid: 2791553a612d84e7c9f3c0a95308376f, type: 3}
      propertyPath: editorData._bezierPath.points.Array.data[7].z
      value: -0.13137147
      objectReference: {fileID: 0}
    - target: {fileID: 114462757500385858, guid: 2791553a612d84e7c9f3c0a95308376f, type: 3}
      propertyPath: editorData._bezierPath.points.Array.data[8].x
      value: -0.55285627
      objectReference: {fileID: 0}
    - target: {fileID: 114462757500385858, guid: 2791553a612d84e7c9f3c0a95308376f, type: 3}
      propertyPath: editorData._bezierPath.points.Array.data[8].y
      value: 0.7503007
      objectReference: {fileID: 0}
    - target: {fileID: 114462757500385858, guid: 2791553a612d84e7c9f3c0a95308376f, type: 3}
      propertyPath: editorData._bezierPath.points.Array.data[8].z
      value: 0.0016944371
      objectReference: {fileID: 0}
    - target: {fileID: 114462757500385858, guid: 2791553a612d84e7c9f3c0a95308376f, type: 3}
      propertyPath: editorData._bezierPath.points.Array.data[9].x
      value: -0.5448027
      objectReference: {fileID: 0}
    - target: {fileID: 114462757500385858, guid: 2791553a612d84e7c9f3c0a95308376f, type: 3}
      propertyPath: editorData._bezierPath.points.Array.data[9].y
      value: 0.49311984
      objectReference: {fileID: 0}
    - target: {fileID: 114462757500385858, guid: 2791553a612d84e7c9f3c0a95308376f, type: 3}
      propertyPath: editorData._bezierPath.points.Array.data[9].z
      value: -0.03964751
      objectReference: {fileID: 0}
    - target: {fileID: 114462757500385858, guid: 2791553a612d84e7c9f3c0a95308376f, type: 3}
      propertyPath: editorData._bezierPath.points.Array.data[10].x
      value: -0.5367492
      objectReference: {fileID: 0}
    - target: {fileID: 114462757500385858, guid: 2791553a612d84e7c9f3c0a95308376f, type: 3}
      propertyPath: editorData._bezierPath.points.Array.data[10].y
      value: 0.23593898
      objectReference: {fileID: 0}
    - target: {fileID: 114462757500385858, guid: 2791553a612d84e7c9f3c0a95308376f, type: 3}
      propertyPath: editorData._bezierPath.points.Array.data[10].z
      value: -0.0016944371
      objectReference: {fileID: 0}
    - target: {fileID: 114462757500385858, guid: 2791553a612d84e7c9f3c0a95308376f, type: 3}
      propertyPath: editorData._bezierPath.points.Array.data[11].x
      value: -0.28218266
      objectReference: {fileID: 0}
    - target: {fileID: 114462757500385858, guid: 2791553a612d84e7c9f3c0a95308376f, type: 3}
      propertyPath: editorData._bezierPath.points.Array.data[11].y
      value: 0.28926748
      objectReference: {fileID: 0}
    - target: {fileID: 114462757500385858, guid: 2791553a612d84e7c9f3c0a95308376f, type: 3}
      propertyPath: editorData._bezierPath.points.Array.data[11].z
      value: -0.019989178
      objectReference: {fileID: 0}
    - target: {fileID: 114462757500385858, guid: 2791553a612d84e7c9f3c0a95308376f, type: 3}
      propertyPath: editorData._bezierPath.points.Array.data[12].x
      value: 0.13023564
      objectReference: {fileID: 0}
    - target: {fileID: 114462757500385858, guid: 2791553a612d84e7c9f3c0a95308376f, type: 3}
      propertyPath: editorData._bezierPath.points.Array.data[12].y
      value: 0.40262595
      objectReference: {fileID: 0}
    - target: {fileID: 114462757500385858, guid: 2791553a612d84e7c9f3c0a95308376f, type: 3}
      propertyPath: editorData._bezierPath.points.Array.data[12].z
      value: 0
      objectReference: {fileID: 0}
    - target: {fileID: 114462757500385858, guid: 2791553a612d84e7c9f3c0a95308376f, type: 3}
      propertyPath: editorData._bezierPath.perAnchorNormalsAngle.Array.size
      value: 5
      objectReference: {fileID: 0}
    m_RemovedComponents: []
    m_RemovedGameObjects: []
    m_AddedGameObjects:
    - targetCorrespondingSourceObject: {fileID: 4050403524429934, guid: 2791553a612d84e7c9f3c0a95308376f, type: 3}
      insertIndex: -1
      addedObject: {fileID: 9079948964986971758}
    m_AddedComponents:
    - targetCorrespondingSourceObject: {fileID: 1801384024788032, guid: 2791553a612d84e7c9f3c0a95308376f, type: 3}
      insertIndex: -1
      addedObject: {fileID: 3798119143416010635}
  m_SourcePrefab: {fileID: 100100000, guid: 2791553a612d84e7c9f3c0a95308376f, type: 3}
--- !u!114 &5546087228323144073 stripped
MonoBehaviour:
  m_CorrespondingSourceObject: {fileID: 114462757500385858, guid: 2791553a612d84e7c9f3c0a95308376f, type: 3}
  m_PrefabInstance: {fileID: 5575755090726902731}
  m_PrefabAsset: {fileID: 0}
  m_GameObject: {fileID: 5577543142090774411}
  m_Enabled: 1
  m_EditorHideFlags: 0
  m_Script: {fileID: 11500000, guid: 8e5ac92bc18f545cc84cd886ece82b4d, type: 3}
  m_Name: 
  m_EditorClassIdentifier: 
--- !u!1 &5577543142090774411 stripped
GameObject:
  m_CorrespondingSourceObject: {fileID: 1801384024788032, guid: 2791553a612d84e7c9f3c0a95308376f, type: 3}
  m_PrefabInstance: {fileID: 5575755090726902731}
  m_PrefabAsset: {fileID: 0}
--- !u!114 &3798119143416010635
MonoBehaviour:
  m_ObjectHideFlags: 0
  m_CorrespondingSourceObject: {fileID: 0}
  m_PrefabInstance: {fileID: 0}
  m_PrefabAsset: {fileID: 0}
  m_GameObject: {fileID: 5577543142090774411}
  m_Enabled: 1
  m_EditorHideFlags: 0
  m_Script: {fileID: 11500000, guid: b275c3b78f8717c4cbc60f74a3247f67, type: 3}
  m_Name: 
  m_EditorClassIdentifier: 
  pathCreator: {fileID: 5546087228323144073}
  autoUpdate: 1
  roadWidth: 0.05
  thickness: 0
  flattenSurface: 0
  roadMaterial: {fileID: 2100000, guid: 9641235ff9c1c3d42829d607f9c05923, type: 2}
  undersideMaterial: {fileID: 2100000, guid: 9641235ff9c1c3d42829d607f9c05923, type: 2}
  textureTiling: 1
  meshHolder: {fileID: 4532889020459800573}
--- !u!4 &5579797643009135525 stripped
Transform:
  m_CorrespondingSourceObject: {fileID: 4050403524429934, guid: 2791553a612d84e7c9f3c0a95308376f, type: 3}
  m_PrefabInstance: {fileID: 5575755090726902731}
  m_PrefabAsset: {fileID: 0}
